
@online{pewresearch2023,
    author = "Matsa, K. E.",
    title = "More Americans are getting news on TikTok, bucking the trend seen on most other social media sites",
    year = "2023",
    month = "November 15",
    organization = "Pew Research Center",
    url = "https://www.pewresearch.org/fact-tank/2023/11/15/more-americans-are-getting-news-on-tiktok-bucking-the-trend-seen-on-most-other-social-media-sites/"
}

@inproceedings{boeker2022empirical,
  title={An Empirical Investigation of Personalization Factors on TikTok},
  author={Boeker, Maximilian and Urman, Alon},
  booktitle={Proceedings of the ACM Web Conference 2022},
  pages={2298--2309},
  year={2022},
  organization={Association for Computing Machinery}
}

@article{hagar2023algorithmic,
  title={Algorithmic indifference: The dearth of news recommendations on TikTok},
  author={Hagar, Noura and Diakopoulos, Nicholas},
  journal={New Media \& Society},
  pages={1--21},
  year={2023},
  publisher={SAGE Publications Sage UK: London, England}
}

@inproceedings{klug2021trick,
  title={Trick and Please: A Mixed-Method Study On User Assumptions About the TikTok Algorithm},
  author={Klug, Daniel and Qin, Yiqing and Evans, Michael and Kaufman, Geoffrey},
  booktitle={Proceedings of the 13th ACM Web Science Conference},
  pages={84--92},
  year={2021},
  organization={Association for Computing Machinery},
  doi={10.1145/3447535.3462512},
  url={https://doi.org/10.1145/3447535.3462512}
}


@article{bergstrom2018incidental,
  title={Incidental consumption and the role of opinion leaders},
  author={Bergstr{\"o}m, Anna and Belfrage, Maria J},
  journal={News in Social Media},
  volume={6},
  number={5},
  pages={583--598},
  year={2018}
}

@article{thorson2020attracting,
  title={Attracting the news: Algorithms, platforms, and reframing incidental exposure},
  author={Thorson, Kjerstin},
  journal={Sage Journals},
  volume={21},
  number={8},
  pages={1067--1082},
  year={2020}
}

@article{reiss2023dissecting,
  title={Dissecting non-use of online news: Systematic evidence from combining tracking and automated text classification},
  author={Reiss, Markus V},
  journal={Digital Journalism},
  volume={11},
  number={2},
  pages={363--383},
  year={2023}
}

@article{damstra2023knowledge,
  title={Knowledge and the news: An investigation of the relation between news use, news avoidance, and the presence of (mis)beliefs},
  author={Damstra, Albert and Vliegenthart, Rens and Boomgaarden, Hajo and Gl{\"u}er, Katharina and Lindgren, Erik and Str{\"o}mb{\"a}ck, Jesper and Tsfati, Yariv},
  journal={The International Journal of Press/Politics},
  volume={28},
  number={1},
  pages={29--48},
  year={2023}
}

@inproceedings{abdollahpouri2021user,
  title={User-centered evaluation of popularity bias in recommender systems},
  author={Abdollahpouri, Hamid and Mansoury, Masoud and Burke, Robin and Mobasher, Bamshad and Malthouse, Edward},
  booktitle={Proceedings of the 29th ACM Conference on User Modeling, Adaptation and Personalization},
  year={2021},
  address={Utrecht, Netherlands}
}

@misc{whisper_repo,
  author = {OpenAI},
  title = {{Whisper: Towards Self-supervised Speech Recognition}},
  howpublished = {\url{https://github.com/openai/whisper}},
  year = {2024},
}


@article{cervi2022freepalestine,
  title={Freepalestine on TikTok: From performative activism to (meaningful) playful activism},
  author={Cervi, Luca and Mar{\'i}n Llad{\'o}, Clara},
  journal={Journal of International and Intercultural Communication},
  volume={15},
  number={4},
  pages={414--434},
  year={2022}
}

@article{yarchi2023image,
  title={The image war moves to TikTok: Evidence from the May 2021 round of the Israeli-Palestinian conflict},
  author={Yarchi, Moran and Boxman-Shabtai, Liron},
  journal={Digital Journalism},
  year={2023}
}


@misc{pyktok,
  title={pyktok},
  author={dfreelon},
  howpublished={\url{https://github.com/dfreelon/pyktok}},
  year={2024}, 
}
